@article{VomBrocke2014a,
	author = {vom Brocke, Jan and Schmiedel, Theresa and Recker, Jan and Trkman, Peter and Mertens, Willem and Viaene, Stijn},
	doi = {10.1108/BPMJ-06-2013-0074},
	issn = {1463-7154},
	journal = {Business Process Management Journal},
	keywords = {BPM,Principles,business process management,research agenda},
	number = {4},
	pages = {530--548},
	title = {{Ten Principles of Good Business Process Management}},
	volume = {20},
	year = {2014}
}
@inbook{Hammer2015,
	address = {Berlin, Heidelberg},
	author = {Hammer, Michael},
	booktitle = {Handbook on Business Process Management 1},
	chapter = {3},
	edition = {2},
	editor = {{Vom Brocke}, Jan and Rosemann, Michael},
%	pages = {3--16},
	publisher = {Springer},
	title = {{What is Business Process Management?}},
	year = {2015}
}
@inbook{Becker2011,
	address = {Berlin, Heidelberg},
	author = {Becker, J\"{o}rg and Kahn, Dieter},
	booktitle = {Process Management: A Guide for the Design of Business Processes},
	edition = {2},
	editor = {Becker, J\"{o}rg and Kugeler, Martin and Rosemann, Micheal},
	pages = {1--13},
	publisher = {Springer},
	title = {{The Process in Focus}},
	year = {2011}
}

@inproceedings{Rozinat2008,
    address = {Milan},
    author = {Rozinat, Anne and Wynn, Moe and van der Aalst, Wil and ter Hofstede, Arthur and Fidge, Colin},
    booktitle = {{Proceedings of the 6th International Conference Business Process Management (BPM)}},
    doi = {10.1007/978-3-540-85758-7_16},
    issn = {0169023X},
    keywords = {Process mining,Short-term simulation,Workflow management},
    pages = {196--211},
    title = {{Workflow Simulation for Operational Decision Support Using Design, Historic and State Information}},
    url = {http://link.springer.com/10.1007/978-3-540-85758-7{\_}16},
    year = {2008}
}
