@article{lundberg2017unified,
  title={A unified approach to interpreting model predictions},
  author={Lundberg, Scott M and Lee, Su-In},
  journal={Advances in neural information processing systems},
  volume={30},
  year={2017}
}

@inproceedings{sundararajan2017axiomatic,
  title={Axiomatic attribution for deep networks},
  author={Sundararajan, Mukund and Taly, Ankur and Yan, Qiqi},
  booktitle={International conference on machine learning},
  pages={3319--3328},
  year={2017},
  organization={PMLR}
}

@article{ancona2017towards,
  title={Towards better understanding of gradient-based attribution methods for deep neural networks},
  author={Ancona, Marco and Ceolini, Enea and {\"O}ztireli, Cengiz and Gross, Markus},
  journal={arXiv preprint arXiv:1711.06104},
  year={2017}
}

@inproceedings{ribeiro2016should,
  title={"Why should i trust you?" Explaining the predictions of any classifier},
  author={Ribeiro, Marco Tulio and Singh, Sameer and Guestrin, Carlos},
  booktitle={Proceedings of the 22nd ACM SIGKDD international conference on knowledge discovery and data mining},
  pages={1135--1144},
  year={2016}
}

@article{lundberg2020local,
  title={From local explanations to global understanding with explainable AI for trees},
  author={Lundberg, Scott M and Erion, Gabriel and Chen, Hugh and DeGrave, Alex and Prutkin, Jordan M and Nair, Bala and Katz, Ronit and Himmelfarb, Jonathan and Bansal, Nisha and Lee, Su-In},
  journal={Nature machine intelligence},
  volume={2},
  number={1},
  pages={56--67},
  year={2020},
  publisher={Nature Publishing Group}
}

@article{jolliffe2002principal,
  title={Principal component analysis and factor analysis},
  author={Jolliffe, Ian T},
  journal={Principal component analysis},
  pages={150--166},
  year={2002},
  publisher={Springer}
}

@book{hastie2009elements,
  title={The elements of statistical learning: data mining, inference, and prediction},
  author={Hastie, Trevor and Tibshirani, Robert and Friedman, Jerome H and Friedman, Jerome H},
  volume={2},
  year={2009},
  publisher={Springer}
}

@book{goodfellow2016deep,
  title={Deep learning},
  author={Goodfellow, Ian and Bengio, Yoshua and Courville, Aaron},
  year={2016},
  publisher={MIT press}
}

@book{murphy2012machine,
  title={Machine learning: a probabilistic perspective},
  author={Murphy, Kevin P},
  year={2012},
  publisher={MIT press}
}

@inproceedings{ng2004feature,
  title={Feature selection, L 1 vs. L 2 regularization, and rotational invariance},
  author={Ng, Andrew Y},
  booktitle={Proceedings of the twenty-first international conference on Machine learning},
  pages={78},
  year={2004}
}

@article{der2011discovery,
  title={Discovery, Conformance and Enhancement of Business Processes},
  author={der Aalst, Van and Mining, WMP Process},
  journal={Media; Springer: Berlin/Heidelberg, Germany},
  volume={136},
  year={2011}
}

@article{de2016general,
  title={A general process mining framework for correlating, predicting and clustering dynamic behavior based on event logs},
  author={De Leoni, Massimiliano and Van Der Aalst, Wil MP and Dees, Marcus},
  journal={Information Systems},
  volume={56},
  pages={235--257},
  year={2016},
  publisher={Elsevier}
}

@inproceedings{di2018predictive,
  title={Predictive process monitoring methods: Which one suits me best?},
  author={Di Francescomarino, Chiara and Ghidini, Chiara and Maggi, Fabrizio Maria and Milani, Fredrik},
  booktitle={International conference on business process management},
  pages={462--479},
  year={2018},
  organization={Springer}
}